<marc:record xmlns:marc="http://www.loc.gov/MARC21/slim">
   <marc:leader>00000nm  2200000uu 4500</marc:leader>
   <marc:controlfield tag="001">http://www.manuscripta-mediaevalia.de/dokumente/html/obj31560869</marc:controlfield>
   <marc:controlfield tag="008">|||||||||||||||||||||||</marc:controlfield>
   <marc:datafield tag="440" ind1="" ind2="">
      <marc:subfield code="a">Andere Buchhandschriften</marc:subfield>
   </marc:datafield>
   <marc:datafield tag="245" ind1="1" ind2="0">
      <marc:subfield code="a">Leipzig, Universitätsbibliothek Leipzig, Ms 152</marc:subfield>
   </marc:datafield>
   <marc:datafield tag="852" ind1="" ind2="">
      <marc:subfield code="a">Leipzig</marc:subfield>
   </marc:datafield>
   <marc:datafield tag="852" ind1="" ind2="">
      <marc:subfield code="a">Universitätsbibliothek Leipzig</marc:subfield>
   </marc:datafield>
   <marc:datafield tag="340" ind1="" ind2="">
      <marc:subfield code="a">Pergament</marc:subfield>
   </marc:datafield>
   <marc:datafield tag="300" ind1="" ind2="">
      <marc:subfield code="a">121 Bll.</marc:subfield>
   </marc:datafield>
   <marc:datafield tag="300" ind1="" ind2="">
      <marc:subfield code="a">20,5 x 13,5 cm</marc:subfield>
   </marc:datafield>
   <marc:datafield tag="046" ind1="" ind2="">
      <marc:subfield code="k">14. Jahrhundert</marc:subfield>
      <marc:subfield code="k">1301</marc:subfield>
      <marc:subfield code="l">1400</marc:subfield>
   </marc:datafield>
   <marc:datafield tag="260" ind1="" ind2="">
      <marc:subfield code="g">14. Jahrhundert</marc:subfield>
      <marc:subfield code="g">1301</marc:subfield>
      <marc:subfield code="g">1400</marc:subfield>
   </marc:datafield>
   <marc:datafield tag="700" ind1="1" ind2="">
      <marc:subfield code="a">Petrus &lt;Lombardus&gt;</marc:subfield>
      <marc:subfield code="e">Autor</marc:subfield>
      <marc:subfield code="4">aut</marc:subfield>
   </marc:datafield>
   <marc:datafield tag="700" ind1="1" ind2="">
      <marc:subfield code="a">Isidorus &lt;Hispalensis&gt;?</marc:subfield>
      <marc:subfield code="e">Autor</marc:subfield>
      <marc:subfield code="4">aut</marc:subfield>
   </marc:datafield>
   <marc:datafield tag="710" ind1="2" ind2="">
      <marc:subfield code="a">Zisterzienserkloster Altzelle</marc:subfield>
      <marc:subfield code="e">Vorbesitz</marc:subfield>
      <marc:subfield code="4">fmo</marc:subfield>
   </marc:datafield>
</marc:record>