
<marc:record xmlns:marc="http://www.loc.gov/MARC21/slim">
   <marc:leader>00000nm  2200000uu 4500</marc:leader>
   <marc:controlfield tag="008">|||||||||||||||||||||||</marc:controlfield>
   <marc:datafield tag="245" ind1="1" ind2="0">
      <marc:subfield code="a">Collectio veteris ac novi testamenti</marc:subfield>
   </marc:datafield>
   <marc:datafield tag="700" ind1="1" ind2="">
      <marc:subfield code="a">Isidorus, Hispalensis?</marc:subfield>
      <marc:subfield code="e">Autor</marc:subfield>
      <marc:subfield code="4">aut</marc:subfield>
   </marc:datafield>
</marc:record>